[gd_scene load_steps=7 format=2]

[ext_resource path="res://Sprites/flipper.png" type="Texture" id=1]
[ext_resource path="res://Scripts/Paddle.gd" type="Script" id=2]
[ext_resource path="res://Scripts/Flipper.gd" type="Script" id=3]

[sub_resource type="RectangleShape2D" id=1]
extents = Vector2( 16, 64 )

[sub_resource type="CircleShape2D" id=2]

[sub_resource type="RectangleShape2D" id=3]
extents = Vector2( 100, 100 )

[node name="Flipper" type="Node2D"]
script = ExtResource( 3 )

[node name="Paddle" type="RigidBody2D" parent="."]
collision_layer = 3
collision_mask = 3
script = ExtResource( 2 )

[node name="Sprite" type="Sprite" parent="Paddle"]
position = Vector2( 0, 48 )
scale = Vector2( 2, 2 )
texture = ExtResource( 1 )

[node name="CollisionShape2D" type="CollisionShape2D" parent="Paddle"]
position = Vector2( 0, 48 )
shape = SubResource( 1 )

[node name="Anchor" type="StaticBody2D" parent="."]

[node name="CollisionShape2D" type="CollisionShape2D" parent="Anchor"]
shape = SubResource( 2 )

[node name="Blocker" type="StaticBody2D" parent="."]
position = Vector2( -144, 0 )
rotation = 0.523599
collision_layer = 2
collision_mask = 2

[node name="CollisionShape2D" type="CollisionShape2D" parent="Blocker"]
shape = SubResource( 3 )

[node name="Blocker2" type="StaticBody2D" parent="."]
position = Vector2( 144, 0 )
rotation = -0.523599
collision_layer = 2
collision_mask = 2

[node name="CollisionShape2D" type="CollisionShape2D" parent="Blocker2"]
shape = SubResource( 3 )

[node name="PinJoint2D" type="PinJoint2D" parent="."]
node_a = NodePath("../Anchor")
node_b = NodePath("../Paddle")
